@inproceedings
{
    AbboWillWang2016,
    author      = {A. Abboud and {V.\,V.} Williams and {J.\,R.} Wang},
    title       = {Approximation and Fixed Parameter Subquadratic Algorithms for Radius and Diameter in Sparse Graphs},
    booktitle   = {{SODA}},
    pages       = {377\textendash391},
    publisher   = {{SIAM}},
    year        = {2016}
}

@article
{
    AbuAtaDragan2016,
    author      = {M. Abu-Ata and {F.\,F.} Dragan},
    title       = {Metric tree-like structures in real-life networks: an empirical study},
    journal     = {Networks},
    volume      = {67},
    number      = {1},
    pages       = {49\textendash68},
    year        = {2016},
}

@article
{
    ArnbCornPros1987,
    author      = {S. Arnborg and D. Corneil and A. Proskurowski},
    title       = {Complexity of Finding Embeddings in a k-Tree},
    journal     = {SIAM Journal on Algebraic Discrete Methods},
    volume      = {8},
    number      = {2},
    pages       = {277\textendash284},
    year        = {1987},
}

@article
{
    AssPecSysZak1981,
    author      = {{S.\,F.} Assmann and {G.\,W.} Peck and {M.\,M.} Sysło and J. Zak},
    title       = {The Bandwidth of Caterpillars with Hairs of Length 1 and 2},
    journal     = {SIAM Journal on Algebraic Discrete Methods},
    volume      = {2},
    number      = {4},
    pages       = {387\textendash393},
    year        = {1981},
}

@inproceedings
{
    BadChuIndSid2005,
    author      = {M. B\u{a}doiu and J. Chuzhoy and P. Indyk and A. Sidiropoulos},
    title       = {Low-distortion embeddings of general metrics into the line},
    booktitle   = {{STOC}},
    pages       = {225\textendash233},
    publisher   = {{ACM}},
    year        = {2005}
}

@inproceedings
{
    BadDhaGupRab2005,
    author      = {M. B\u{a}doiu and K. Dhamdhere and A. Gupta and Y. Rabinovich and H. Räcke and R. Ravi and A. Sidiropoulos},
    title       = {Approximation algorithms for low-distortion embeddings into low-dimensional spaces},
    booktitle   = {{SODA}},
    pages       = {119\textendash128},
    publisher   = {{SIAM}},
    year        = {2005},
}

@article
{
    BandelDress1986,
    author      = {H.{-}J. Bandelt and A. Dress},
    title       = {Reconstructing the shape of a tree from observed dissimilarity data},
    journal     = {Advances in Applied Mathematics},
    volume      = {7},
    number      = {3},
    pages       = {309\textendash343},
    year        = {1986},
}

@article
{
    BandelMulder1986,
    author      = {H.{-}J. Bandelt and {H.\,M.} Mulder},
    title       = {Distance-hereditary graphs},
    journal     = {Journal of Combinatorial Theory, Series~{B}},
    volume      = {41},
    number      = {2},
    pages       = {182\textendash208},
    year        = {1986}
}

@article
{
    BelFomGolRam2016,
    author      = {R. Belmonte and {F.\,V.} Fomin and {P.\,A.} Golovach and {M.\,S.} Ramanujan},
    title       = {Metric Dimension of Bounded Tree-length Graphs},
    journal     = {CoRR},
    volume      = {abs/1602.02610},
    year        = {2016}
}

@book
{
    Berge1984,
    author      = {C. Berge},
    title       = {Hypergraphs: Combinatorics of Finite Sets},
    series      = {North-Holland Mathematical Library},
    year        = {1984},
    publisher   = {Elsevier Science}
}

@inproceedings
{
    BirmDeMoPlan2016,
    author      = {E. Birmelé and F. {de~Montgolfier} and L. Planche},
    title       = {Minimum Eccentricity Shortest Path Problem: An Approximation Algorithm and Relation with the k-Laminarity Problem},
    booktitle   = {{Combinatorial Optimization and Applications}},
    series      = {Lecture Notes in Computer Science},
    volume      = {10043},
    pages       = {216\textendash229},
    publisher   = {Springer},
    year        = {2016}
}

@article
{
    BlacKarpWirt1998,
    author      = {G. Blache and M. Karpinski and J. Wirtgen},
    title       = {On Approximation Intractability of the Bandwidth Problem},
    journal     = {Electronic Colloquium on Computational Complexity {(ECCC)}},
    volume      = {5},
    number      = {14},
    year        = {1998}
}

@article
{
    Bodlae1996,
    author      = {H. Bodlaender},
    title       = {A Linear-Time Algorithm for Finding Tree-Decompositions of Small Treewidth},
    journal     = {SIAM Journal on Computing},
    volume      = {25},
    number      = {6},
    pages       = {1305\textendash1317},
    year        = {1996},
}

@article
{
    BoothJohnso1982,
    author      = {{K.\,S.} Booth and {J.\,H.} Johnson},
    title       = {Dominating Sets in Chordal Graphs},
    journal     = {{SIAM} Journal on Computing},
    volume      = {11},
    number      = {1},
    pages       = {191\textendash199},
    year        = {1982}
}

@article
{
    BranChepDrag1998,
    author      = {A. Brandstädt and V. Chepoi and {F.\,F.} Dragan},
    title       = {The Algorithmic Use of Hypertree Structure and Maximum Neighbourhood Orderings},
    journal     = {Discrete Applied Mathematics},
    volume      = {82},
    number      = {1\textendash3},
    pages       = {43\textendash77},
    year        = {1998}
}

@article
{
    BranChepDrag1999,
    author      = {A. Brandstädt and V. Chepoi and {F.\,F.} Dragan},
    title       = {Distance Approximating Trees for Chordal and Dually Chordal Graphs},
    journal     = {Journal of Algorithms},
    volume      = {30},
    number      = {1},
    pages       = {166\textendash184},
    year        = {1999}
}

@article
{
    BraDraCheVol1998,
    author      = {A. Brandstädt and {F.\,F.} Dragan and V. Chepoi and {V.\,I.} Voloshin},
    title       = {Dually Chordal Graphs},
    journal     = {{SIAM} Journal on Discrete Mathematics},
    volume      = {11},
    number      = {3},
    pages       = {437\textendash455},
    year        = {1998}
}

@article
{
    ChepoiDragan2000,
    author      = {V. Chepoi and {F.\,F.} Dragan},
    title       = {A Note on Distance Approximating Trees in Graphs},
    journal     = {European Journal of Combinatorics},
    volume      = {21},
    number      = {6},
    pages       = {761\textendash766},
    year        = {2000}
}

@inproceedings
{
    CheDraEstHab2008,
    author      = {V. Chepoi and {F.\,F.} Dragan and B. Estellon and M. Habib and Y. Vaxès},
    title       = {Diameters, Centers, and Approximating Trees of {$\delta$}-Hyperbolic Geodesic Spaces and Graphs},
    booktitle   = {Symposium on Computational Geometry},
    pages       = {59\textendash68},
    publisher   = {{ACM}},
    year        = {2008}
}

@inproceedings
{
    ChepoiEstell2007,
    author      = {V. Chepoi and B. Estellon},
    title       = {Packing and Covering {$\delta$}-Hyperbolic Spaces by Balls},
    booktitle   = {{APPROX-RANDOM}},
    series      = {Lecture Notes in Computer Science},
    volume      = {4627},
    pages       = {59\textendash73},
    publisher   = {Springer},
    year        = {2007}
}

@article
{
    ChlebiChlebi2008,
    author      = {M. Chlebík and J. Chlebíková},
    title       = {Approximation hardness of dominating set problems in bounded degree graphs},
    journal     = {Information and Computation},
    volume      = {206},
    number      = {11},
    pages       = {1264\textendash1275},
    year        = {2008}
}

@book
{
    CorLeiRivSte2009,
    author      = {{T.\,H.} Cormen and {C.\,E.} Leiserson and {R.\,L.} Rivest and C. Stein},
    title       = {Introduction to Algorithms {(3.} ed.)},
    publisher   = {{MIT} Press},
    year        = {2009}
}

@article
{
    CornOlarStew1997,
    author      = {{D.\,G.} Corneil and S. Olariu and L. Stewart},
    title       = {Asteroidal Triple-Free Graphs},
    journal     = {{SIAM} Journal on Discrete Mathematics},
    volume      = {10},
    number      = {3},
    pages       = {399\textendash430},
    year        = {1997},
}

@article
{
    CornOlarStew1999,
    author      = {{D.\,G.} Corneil and S. Olariu and L. Stewart},
    title       = {Linear Time Algorithms for Dominating Pairs in Asteroidal Triple-free
               Graphs},
    journal     = {{SIAM} Journal on Computing},
    volume      = {28},
    number      = {4},
    pages       = {1284\textendash1297},
    year        = {1999}
}

@article
{
    CoudDucoNiss2016,
    author      = {D. Coudert and G. Ducoffe and N. Nisse},
    title       = {To Approximate Treewidth, Use Treelength!},
    journal     = {{SIAM} Journal on Discrete Mathematics},
    volume      = {30},
    number      = {3},
    pages       = {1424\textendash1436},
    year        = {2016}
}

@article
{
    DamiHabiPaul2001,
    author      = {G. Damiand and M. Habib and C. Paul},
    title       = {A simple paradigm for graph recognition: application to cographs and distance hereditary graphs},
    journal     = {Theoretical Computer Science},
    volume      = {263},
    number      = {1\textendash2},
    pages       = {99\textendash111},
    year        = {2001}
}

@article
{
    DAtriMoscar1988,
    author      = {A. D'Atri and M. Moscarini},
    title       = {Distance-Hereditary Graphs, Steiner Trees, and Connected Domination},
    journal     = {{SIAM} Journal of Computing},
    volume      = {17},
    number      = {3},
    pages       = {521\textendash538},
    year        = {1988}
}

@inproceedings
{
    deBergKhosra2010,
    author      = {M. de Berg and A. Khosravi},
    title       = {Optimal Binary Space Partitions in the Plane},
    booktitle   = {{COCOON}},
    series      = {Lecture Notes in Computer Science},
    volume      = {6196},
    pages       = {216\textendash225},
    publisher   = {Springer},
    year        = {2010}
}

@inproceedings
{
    DeogunKratsc1995,
    author      = {{J.\,S.} Deogun and D. Kratsch},
    title       = {Diametral Path Graphs},
    booktitle   = {{WG}},
    series      = {Lecture Notes in Computer Science},
    volume      = {1017},
    pages       = {344\textendash357},
    publisher   = {Springer},
    year        = {1995}
}

@book
{
    Diestel1997,
    author = {R. Diestel},
    title = {Graph Theory},
    publisher = {Springer-Verlag},
    year = {1997}
}

@article
{
    Dirac1961,
    author      = {G. Dirac},
    title       = {On rigid circuit graphs},
    journal     = {Abhandlungen aus dem Mathematischen Seminar der Universität Hamburg},
    pages       = {71\textendash76},
    volume      = {25},
    year        = {1961}
}

@article
{
    DouDraGavYan2007,
    author      = {Y. Dourisboure and {F.\,F.} Dragan and C. Gavoille and C. Yan},
    title       = {Spanners for bounded tree-length graphs},
    journal     = {Theoretical Computer Science},
    volume      = {383},
    number      = {1},
    pages       = {34\textendash44},
    year        = {2007}
}

@article
{
    Dourisboure2005,
    author      = {Y. Dourisboure},
    title       = {Compact Routing Schemes for Generalised Chordal Graphs},
    journal     = {Journal of Graph Algorithms and Applications},
    volume      = {9},
    number      = {2},
    pages       = {277\textendash297},
    year        = {2005}
}

@article
{
    DourisGavoil2007,
    author      = {Y. Dourisboure and C. Gavoille},
    title       = {Tree-decompositions with bags of small diameter},
    journal     = {Discrete Mathematics},
    volume      = {307},
    number      = {16},
    pages       = {2008\textendash2029},
    year        = {2007}
}

@book
{
    DowneyFellow2013,
    author      = {{R.\,G.} Downey and {M.\,R.} Fellows},
    title       = {Fundamentals of Parameterized Complexity},
    publisher   = {Springer},
    year        = {2013}
}

@article
{
    Dragan1993,
    author      = {{F.\,F.} Dragan},
    title       = {{HT}-graphs: centers, connected \( r \)-domination and Steiner trees},
    journal     = {Computer Science Journal of Moldova},
    volume      = {1},
    number      = {2},
    pages       = {64\textendash83},
    year        = {1993}
}

@article
{
    DraganAbuAta2014,
    author      = {{F.\,F.} Dragan and M. Abu{-}Ata},
    title       = {Collective additive tree spanners of bounded tree-breadth graphs with generalizations and consequences},
    journal     = {Theoretical Computer Science},
    volume      = {547},
    pages       = {1\textendash17},
    year        = {2014}
}

@article
{
    DraganKohler2014,
    author      = {{F.\,F.} Dragan and E. Köhler},
    title       = {An Approximation Algorithm for the Tree t-Spanner Problem on Unweighted Graphs via Generalized Chordal Graphs},
    journal     = {Algorithmica},
    volume      = {69},
    number      = {4},
    pages       = {884\textendash905},
    year        = {2014}
}

@inproceedings
{
    DragKoehLeit2014,
    author      = {{F.\,F.} Dragan and E. Köhler and A. Leitert},
    title       = {Line-Distortion, Bandwidth and Path-Length of a Graph},
    booktitle   = {{SWAT}},
    series      = {Lecture Notes in Computer Science},
    volume      = {8503},
    pages       = {158\textendash169},
    publisher   = {Springer},
    year        = {2014}
}

@article
{
    DragKoehLeit2017,
    author      = {{F.\,F.} Dragan and E. Köhler and A. Leitert},
    title       = {Line-Distortion, Bandwidth and Path-Length of a Graph},
    journal     = {Algorithmica},
    volume      = {77},
    number      = {3},
    pages       = {686\textendash713},
    year        = {2017}
}

@inproceedings
{
    DraganLeiter2015,
    author      = {{F.\,F.} Dragan and A. Leitert},
    title       = {On the Minimum Eccentricity Shortest Path Problem},
    booktitle   = {{WADS}},
    series      = {Lecture Notes in Computer Science},
    volume      = {9214},
    pages       = {276\textendash288},
    publisher   = {Springer},
    year        = {2015}
}

@inproceedings
{
    DraganLeiter2015a,
    author      = {{F.\,F.} Dragan and A. Leitert},
    title       = {Minimum Eccentricity Shortest Paths in Some Structured Graph Classes},
    booktitle   = {{WG}},
    series      = {Lecture Notes in Computer Science},
    volume      = {9224},
    pages       = {189\textendash202},
    publisher   = {Springer},
    year        = {2015}
}

@article
{
    DraganLeiter2016,
    author      = {{F.\,F.} Dragan and A. Leitert},
    title       = {Minimum Eccentricity Shortest Paths in some Structured Graph Classes},
    journal     = {Journal of Graph Algorithms and Applications},
    volume      = {20},
    number      = {2},
    pages       = {299\textendash322},
    year        = {2016}
}

@article
{
    DraganLomono2007,
    author      = {{F.\,F.} Dragan and I. Lomonosov},
    title       = {On compact and efficient routing in certain graph classes},
    journal     = {Discrete Applied Mathematics},
    volume      = {155},
    number      = {11},
    pages       = {1458\textendash1470},
    year        = {2007}
}

@article
{
    DraganMatama2011,
    author      = {{F.\,F.} Dragan and M. Matamala},
    title       = {Navigating in a Graph by Aid of Its Spanning Tree Metric},
    journal     = {SIAM Journal on Discrete Mathematics},
    volume      = {25},
    number      = {1},
    pages       = {306\textendash332},
    year        = {2011},
}

@article
{
    DraganNicola2000,
    author      = {{F.\,F.} Dragan and F. Nicolai},
    title       = {{LexBFS}-orderings of Distance-hereditary Graphs with Application to the Diametral Pair Problem},
    journal     = {Discrete Applied Mathematics},
    volume      = {98},
    number      = {3},
    pages       = {191\textendash207},
    year        = {2000}
}

@article
{
    DubeyFeige2011,
    author      = {{C.\,K.} Dubey and U. Feige and W. Unger},
    title       = {Hardness results for approximating the bandwidth},
    journal     = {Journal of Computer and System Sciences},
    volume      = {77},
    number      = {1},
    pages       = {62\textendash90},
    year        = {2011}
}

@article
{
    DucoLegaNiss2016a,
    author      = {G. Ducoffe and S. Legay and N. Nisse},
    title       = {On computing tree and path decompositions with metric constraints on the bags},
    journal     = {CoRR},
    volume      = {abs/1601.01958},
    year        = {2016},
}

@inproceedings
{
    DucoLegaNiss2016,
    author      = {G. Ducoffe and S. Legay and N. Nisse},
    title       = {On the Complexity of Computing Treebreadth},
    booktitle   = {{IWOCA}},
    series      = {Lecture Notes in Computer Science},
    volume      = {9843},
    pages       = {3\textendash15},
    publisher   = {Springer},
    year        = {2016},
    note        = {Full version:~\cite{DucoLegaNiss2016a}}
}

@article
{
    FaberJamison1986,
    author      = {M. Farber and {R.\,E.} Jamison},
    title       = {Convexity in Graphs and Hypergraphs},
    journal     = {SIAM Journal on Algebraic Discrete Methods},
    volume      = {7},
    number      = {3},
    pages       = {433\textendash444},
    year        = {1986},
}

@article
{
    Feige2000,
    author      = {U. Feige},
    title       = {Approximating the Bandwidth via Volume Respecting Embeddings},
    journal     = {Journal of Computer and System Science},
    volume      = {60},
    number      = {3},
    pages       = {510\textendash539},
    year        = {2000}
}

@article
{
    FeigeTalwar2009,
    author      = {U. Feige and K. Talwar},
    title       = {Approximating the Bandwidth of Caterpillars},
    journal     = {Algorithmica},
    volume      = {55},
    number      = {1},
    pages       = {190\textendash204},
    year        = {2009}
}

@article
{
    FelFomLokLos2013,
    author      = {{M.\,R.} Fellows and {F.\,V.} Fomin and D. Lokshtanov and E. Losievskaja and {F.\,A.} Rosamond and S. Saurabh},
    title       = {Distortion is Fixed Parameter Tractable},
    journal     = {{TOCT}},
    volume      = {5},
    number      = {4},
    pages       = {16},
    year        = {2013}
}

@article
{
    FomiLoksSaur2011,
    author      = {{F.\,V.} Fomin and D. Lokshtanov and S. Saurabh},
    title       = {An exact algorithm for minimum distortion embedding},
    journal     = {Theoretical Computer Science},
    volume      = {412},
    number      = {29},
    pages       = {3530\textendash3536},
    year        = {2011}
}

@inproceedings
{
    Frederickson1991,
    author      = {{G.\,N.} Frederickson},
    title       = {Parametric Search and Locating Supply Centers in Trees},
    booktitle   = {{WADS}},
    series      = {Lecture Notes in Computer Science},
    volume      = {519},
    pages       = {299\textendash319},
    publisher   = {Springer},
    year        = {1991}
}

@article
{
    Gavril1974,
    author      = {F. Gavril},
    title       = {The intersection graphs of subtrees in trees are exactly the chordal graphs},
    journal     = {Journal of Combinatorial Theory, Series B},
    volume      = {16},
    number      = {1},
    pages       = {47\textendash56},
    year        = {1974},
}

@article
{
    GilmorHoffma1964,
    author      = {{P.\,C.} Gilmore and {A.\,J.} Hoffman},
    title       = {A characterization of comparability graphs and of interval graphs},
    journal     = {Canadian Journal of Mathematics},
    volume      = {16},
    pages       = {539\textendash548},
    year        = {1964}
}

@article
{
    GolHegKraLok2011,
    author      = {{P.\,A.} Golovach and P. Heggernes and D. Kratsch and D. Lokshtanov and D. Meister and S. Saurabh},
    title       = {Bandwidth on AT-free graphs},
    journal     = {Theoretical Computer Science},
    volume      = {412},
    number      = {50},
    pages       = {7001\textendash7008},
    year        = {2011}
}

@article
{
    Gupta2001,
    author      = {A. Gupta},
    title       = {Improved Bandwidth Approximation for Trees and Chordal Graphs},
    journal     = {Journal of Algorithms},
    volume      = {40},
    number      = {1},
    pages       = {24\textendash36},
    year        = {2001}
}

@article
{
    Halin1976,
    author      = {R. Halin},
    title       = {S-functions for graphs},
    journal     = {Journal of Geometry},
    volume      = {8},
    number      = {1\textendash2},
    pages       = {171\textendash186},
    year        = {1976},
}

@article
{
    Handler1973,
    author      = {{G.\,Y.} Handler},
    title       = {Minimax Location of a Facility in an Undirected Tree Graph},
    journal     = {Transportation Science},
    volume      = {7},
    number      = {3},
    pages       = {287\textendash293},
    year        = {1973}
}

@article
{
    HeggKratMeis2009,
    author      = {P. Heggernes and D. Kratsch and D. Meister},
    title       = {Bandwidth of bipartite permutation graphs in polynomial time},
    journal     = {Journal of Discrete Algorithms},
    volume      = {7},
    number      = {4},
    pages       = {533\textendash544},
    year        = {2009}
}

@article
{
    HeggerMeiste2010,
    author      = {P. Heggernes and D. Meister},
    title       = {Hardness and approximation of minimum distortion embeddings},
    journal     = {Information Processing Letters},
    volume      = {110},
    number      = {8\textendash9},
    pages       = {312\textendash316},
    year        = {2010},
}

@article
{
    HeggMeisPros2011,
    author      = {P. Heggernes and D. Meister and A. Proskurowski},
    title       = {Computing minimum distortion embeddings into a path for bipartite permutation graphs and threshold graphs},
    journal     = {Theoretical Computer Science},
    volume      = {412},
    number      = {12\textendash14},
    pages       = {1275\textendash1297},
    year        = {2011},
}

@inproceedings
{
    Indyk2001,
    author      = {P. Indyk},
    title       = {Algorithmic Applications of Low-Distortion Geometric Embeddings},
    booktitle   = {{FOCS}},
    pages       = {10\textendash33},
    publisher   = {{IEEE} Computer Society},
    year        = {2001}
}

@incollection
{
    IndykMatous2004,
    author      = {P. Indyk and J. Matousek},
    title       = {Low-Distortion Embeddings of Finite Metric Spaces},
    booktitle   = {Handbook of Discrete and Computational Geometry, 2nd Ed.},
    pages       = {177\textendash196},
    publisher   = {Chapman and Hall/CRC},
    year        = {2004}
}

@incollection
{
    Karp1972,
    author      = {R. Karp},
    booktitle   = {Complexity of Computer Computations},
    pages       = {85\textendash103},
    publisher   = {Plenum Press},
    title       = {Reducibility among combinatorial problems},
    year        = {1972},
}

@article
{
    KleitmVohra1990,
    author      = {{D.\,J.} Kleitman and R. Vohra},
    title       = {Computing the Bandwidth of Interval Graphs},
    journal     = {{SIAM} Journal on Discrete Mathematics},
    volume      = {3},
    number      = {3},
    pages       = {373\textendash375},
    year        = {1990}
}

@article
{
    KlokKratMuel1999,
    author      = {T. Kloks and D. Kratsch and H. Müller},
    title       = {Approximating the Bandwidth for Asteroidal Triple-Free Graphs},
    journal     = {Journal of Algorithms},
    volume      = {32},
    number      = {1},
    pages       = {41\textendash57},
    year        = {1999},
}

@article
{
    Kratsch2000,
    author      = {D. Kratsch},
    title       = {Domination and Total Domination on Asteroidal Triple-free Graphs},
    journal     = {Discrete Applied Mathematics},
    volume      = {99},
    number      = {1\textendash3},
    pages       = {111\textendash123},
    year        = {2000}
}

@article
{
    KratscSpinra2006,
    author      = {D. Kratsch and J. Spinrad},
    title       = {Between $O(nm)$ and $O(n^\alpha)$},
    journal     = {SIAM Journal on Computing},
    volume      = {36},
    number      = {2},
    pages       = {310\textendash325},
    year        = {2006},
}

@article
{
    KratscStewar2002,
    author      = {D. Kratsch and L. Stewart},
    title       = {Approximating Bandwidth by Mixing Layouts of Interval Graphs},
    journal     = {{SIAM} Journal on Discrete Mathematics},
    volume      = {15},
    number      = {4},
    pages       = {435\textendash449},
    year        = {2002}
}

@inproceedings
{
    LeiterDragan2016,
    author      = {A. Leitert and {F.\,F.} Dragan},
    title       = {On Strong Tree-Breadth},
    booktitle   = {{COCOA}},
    series      = {Lecture Notes in Computer Science},
    volume      = {10043},
    pages       = {62\textendash76},
    publisher   = {Springer},
    year        = {2016}
}

@unpublished
{
    LeitertMan,
    author      = {A. Leitert},
    title       = {3-Colouring for Dually Chordal Graphs and Generalisations},
    note        = {Manuscript},
}

@article
{
    Lichtenstein1982,
    author      = {D. Lichtenstein},
    title       = {Planar Formulae and Their Uses},
    journal     = {{SIAM} Journal of Computing},
    volume      = {11},
    number      = {2},
    pages       = {329\textendash343},
    year        = {1982}
}

@article
{
    Lokshtanov2010,
    author      = {D. Lokshtanov},
    title       = {On the complexity of computing treelength},
    journal     = {Discrete Applied Mathematics},
    volume      = {158},
    number      = {7},
    pages       = {820\textendash827},
    year        = {2010}
}

@article
{
    MaSpinra1994,
    author      = {T.{-}H. Ma and {J.\,P.} Spinrad},
    title       = {On the 2-Chain Subgraph Cover and Related Problems},
    journal     = {Journal of Algorithms},
    volume      = {17},
    number      = {2},
    pages       = {251\textendash268},
    year        = {1994}
}

@inproceedings
{
    McConnSpinra1997,
    author      = {{R.\,M.} McConnell and {J.\,P.} Spinrad},
    title       = {Linear-Time Transitive Orientation},
    booktitle   = {{SODA}},
    pages       = {19\textendash25},
    publisher   = {{ACM/SIAM}},
    year        = {1997}
}

@article
{
    Monien1986,
    author      = {B. Monien},
    title       = {The Bandwidth Minimization Problem for Caterpillars with Hair Length~3 is NP-Complete},
    journal     = {SIAM Journal on Algebraic Discrete Methods},
    volume      = {7},
    number      = {4},
    pages       = {505\textendash512},
    year        = {1986},
}

@article
{
    Muller1996,
    author      = {H. Müller},
    title       = {Hamiltonian circuits in chordal bipartite graphs},
    journal     = {Discrete Mathematics},
    volume      = {156},
    number      = {1-3},
    pages       = {291\textendash298},
    year        = {1996}
}

@article
{
    Muradian2003,
    author      = {D. Muradian},
    title       = {The bandwidth minimization problem for cyclic caterpillars with hair length~1 is NP-complete},
    journal     = {Theoretical Computer Science},
    volume      = {307},
    number      = {3},
    pages       = {567\textendash572},
    year        = {2003}
}

@article
{
    Olariu1991,
    author      = {S. Olariu},
    title       = {An Optimal Greedy Heuristic to Color Interval Graphs},
    journal     = {Information Processing Letters},
    volume      = {37},
    number      = {1},
    pages       = {21\textendash25},
    year        = {1991}
}

@article
{
    PelegReshef2001,
    author      = {D. Peleg and E. Reshef},
    title       = {Low Complexity Variants of the Arrow Distributed Directory},
    journal     = {Journal of Computer and System Sciences},
    volume      = {63},
    number      = {3},
    pages       = {474\textendash485},
    year        = {2001},
}

@misc
{
    RaeckeLecNotes,
    author      = {H. Räcke},
    note        = {Lecture notes at \url{http://ttic.uchicago.edu/~harry/teaching/pdf/lecture15.pdf}}
}

@article
{
    RobertSeymou1983,
    author      = {N. Robertson and {P.\,D.} Seymour},
    title       = {Graph minors. {I.} Excluding a forest},
    journal     = {Journal of Combinatorial Theory, Series {B}},
    volume      = {35},
    number      = {1},
    pages       = {39\textendash61},
    year        = {1983}
}

@article
{
    RobertSeymou1984,
    author      = {N. Robertson and {P.\,D.} Seymour},
    title       = {Graph minors. {III.} Planar tree-width},
    journal     = {Journal of Combinatorial Theory, Series {B}},
    volume      = {36},
    number      = {1},
    pages       = {49\textendash64},
    year        = {1984},
}

@article
{
    RobertSeymou1986,
    author      = {N. Robertson and {P.\,D.} Seymour},
    title       = {Graph Minors. {II.} Algorithmic Aspects of Tree-Width},
    journal     = {Journal of Algorithms},
    volume      = {7},
    number      = {3},
    pages       = {309\textendash322},
    year        = {1986}
}

@article
{
    RoseTarjLuek1976,
    author      = {{D.\,J.} Rose and {R.\,E.} Tarjan and {G.\,S.} Lueker},
    title       = {Algorithmic Aspects of Vertex Elimination on Graphs},
    journal     = {{SIAM} Journal on Computing},
    volume      = {5},
    number      = {2},
    pages       = {266\textendash283},
    year        = {1976}
}


@inproceedings
{
    Schaefer1978,
    author      = {{T.\,J.} Schaefer},
    title       = {The Complexity of Satisfiability Problems},
    booktitle   = {{STOC}},
    pages       = {216\textendash226},
    publisher   = {{ACM}},
    year        = {1978}
}

@article
{
    ShreTayuUen2012,
    author      = {{A.\,M.\,S.} Shrestha and S. Tayu and S. Ueno},
    title       = {Bandwidth of convex bipartite graphs and related graphs},
    journal     = {Information Processing Letters},
    volume      = {112},
    number      = {11},
    pages       = {411\textendash417},
    year        = {2012}
}

@article
{
    Slater1982,
    author      = {{P.\,J.} Slater},
    title       = {Locating central paths in a graph},
    journal     = {Transportation Science},
    volume      = {16},
    pages       = {1\textendash18},
    year        = {1982}
}

@book
{
    Spinrad2003,
    author      = {{J.\,P.} Spinrad},
    title       = {Efficient Graph Representations},
    publisher   = {American Mathematical Society},
    year        = {2003}
}

@article
{
    Sprague1994,
    author      = {{A.\,P.} Sprague},
    title       = {An {$O( n \log n )$} Algorithm for Bandwidth of Interval Graphs},
    journal     = {SIAM Journal on Discrete Mathematics},
    volume      = {7},
    number      = {2},
    pages       = {213\textendash220},
    year        = {1994},
}

@article
{
    Stockmeyer1973,
    author      = {L. Stockmeyer},
    title       = {Planar 3-colorability is polynomial complete},
    journal     = {SIGACT News},
    volume      = {5},
    number      = {3},
    year        = {1973},
    pages       = {19\textendash25},
}

@article
{
    TarjanYannak1984,
    author      = {{R.\,E.} Tarjan and M. Yannakakis},
    title       = {Simple Linear-Time Algorithms to Test Chordality of Graphs, Test Acyclicity of Hypergraphs, and Selectively Reduce Acyclic Hypergraphs},
    journal     = {{SIAM} Journal of Computing},
    volume      = {13},
    number      = {3},
    pages       = {566\textendash579},
    year        = {1984}
}

@article
{
    TeneSilvLang2000,
    author      = {{J.\,B.} Tenenbaum and V. de Silva and {J.\,C.} Langford},
    title       = {A Global Geometric Framework for Nonlinear Dimensionality Reduction},
    volume      = {290},
    number      = {5500},
    pages       = {2319\textendash2323},
    year        = {2000},
    journal     = {Science},
}

@inproceedings
{
    ThorupZwick2001,
    author      = {M. Thorup and U. Zwick},
    title       = {Compact Routing Schemes},
    booktitle   = {{SPAA}},
    pages       = {1\textendash10},
    year        = {2001}
}

@article
{
    VenRotMadMak1997,
    author      = {G. Venkatesan and U. Rotics and {M.\,S.} Madanlal and {J.\,A.} Makowsky and C. {Pandu Rangan}},
    title       = {Restrictions of Minimum Spanner Problem},
    journal     = {Information and Computation},
    volume      = {136},
    number      = {2},
    pages       = {143\textendash164},
    year        = {1997},
}

@article
{
    VolBapHabLop2016,
    author      = {F. Völkel and E. Bapteste and M. Habib and P. Lopez and C. Vigliotti},
    title       = {Read networks and k-laminar graphs},
    journal     = {CoRR},
    year        = {2016},
    volume      = {abs/1603.01179},
}

@article
{
    Yancey2014,
    author      = {{M.\,P.} Yancey},
    title       = {An Investigation into Graph Curvature's Ability to Measure Congestion in Network Flow},
    journal     = {CoRR},
    volume      = {abs/1512.01281},
    year        = {2015}
}
